@article{tushar2014prioritizing,
  title={Prioritizing consumers in smart grid: A game theoretic approach},
  author={Tushar, Wayes and Zhang, Jian A and Smith, David B and Poor, H Vincent and Thi{\'e}baux, Sylvie},
  journal={IEEE Transactions on Smart Grid},
  volume={5},
  number={3},
  pages={1429--1438},
  year={2014},
  publisher={IEEE}
}